@BOOK{haskell98,
  title = {{Haskell 98 language and libraries}},
  year = {2003},
  editor = {Simon Peyton Jones},
  volume = {13},
  number = {1},
  pages = {1--255},
  series = {{Journal of Functional Programming}},
  booktitle = {{Journal of Functional Programming}},
  journal = {Journal of Functional Programming},
  owner = {darchon},
  timestamp = {2010.01.29}
}

@ARTICLE{soos,
  author={Schubert, L. and Kipp, A. and Koller, B. and Wesner, S.},
  journal={Wireless Communications, IEEE},
  title={Service-oriented operating systems: future workspaces},
  year={2009},
  month={june},
  volume={16},
  number={3},
  pages={42--50},
  doi={10.1109/MWC.2009.5109463},
  ISSN={1536-1284}
}

@online{haskell_embedded,
  author = {{Haskell Wiki}},
  title = {Embedded domain specific language},
  month = {May},
  year  = {2012},
  url   = {http://www.haskell.org/haskellwiki/Embedded_domain_specific_language}
}

@article{final_tagless_embedding,
 author = {Carette, Jacques and Kiselyov, Oleg and Shan, Chung-chieh},
 title = {{Finally Tagless, Partially Evaluated: Tagless Staged Interpreters for Simpler Typed Languages}},
 shortjournal = {J. Funct. Program.},
 journal = {Journal of Functional Programming},
 issue_date = {September 2009},
 volume = {19},
 number = {5},
 month = sep,
 year = {2009},
 issn = {0956-7968},
 pages = {509--543},
 numpages = {35},
 doi = {10.1017/S0956796809007205},
 acmid = {1630626},
 publisher = {Cambridge University Press},
 OPTaddress = {New York, NY, USA},
}

@article{cotson,
 author = {Argollo, Eduardo and Falc\'{o}n, Ayose and Faraboschi, Paolo and Monchiero, Matteo and Ortega, Daniel},
 title = {{COTSon: Infrastructure for full system simulation}},
 journal = {SIGOPS Oper. Syst. Rev.},
 issue_date = {January 2009},
 volume = {43},
 number = {1},
 month = jan,
 year = {2009},
 issn = {0163-5980},
 pages = {52--61},
 numpages = {10},
 doi = {10.1145/1496909.1496921},
 acmid = {1496921},
 publisher = {ACM},
 address = {New York, NY, USA},
 keywords = {full system simulation},
}

@inproceedings{omnet,
 author = {Varga, Andr\'{a}s and Hornig, Rudolf},
 title = {{An overview of the OMNeT++ simulation environment}},
 booktitle = {Proceedings of Simutools '08},
 year = {2008},
 isbn = {978-963-9799-20-2},
 location = {Marseille, France},
 pages = {1--10},
 articleno = {60},
 numpages = {10},
 acmid = {1416290},
 address = {ICST, Brussels, Belgium},
 keywords = {computer systems, discrete simulation, hierarchical, integrated development environment, network simulation, performance analysis, simulation tools, telecommunications},
}

@inproceedings{house-,
 author = {Hallgren, Thomas and Jones, Mark P. and Leslie, Rebekah and Tolmach, Andrew},
 title = {A Principled Approach to Operating System Construction in {Haskell}},
 booktitle = {Proceedings of ICFP '05},
 year = {2005},
 isbn = {1-59593-064-7},
 location = {Tallinn, Estonia},
 pages = {116--128},
 numpages = {13},
 doi = {10.1145/1086365.1086380},
 acmid = {1086380},
 publisher = {ACM},
 address = {New York, NY, USA},
 keywords = {Haskell, hardware interface, monads, operating systems, programming logic, verification},
}

@article{house,
 author = {Hallgren, Thomas and Jones, Mark P. and Leslie, Rebekah and Tolmach, Andrew},
 title = {A principled approach to operating system construction in {Haskell}},
 journal = {SIGPLAN Notices},
 issue_date = {September 2005},
 volume = {40},
 number = {9},
 month = sep,
 year = {2005},
 issn = {0362-1340},
 pages = {116--128},
 numpages = {13},
 DOUBLEurl = {http://doi.acm.org/10.1145/1090189.1086380},
 doi = {10.1145/1090189.1086380},
 acmid = {1086380},
 publisher = {ACM},
 OPTaddress = {New York, NY, USA},
 keywords = {Haskell, hardware interface, monads, operating systems, programming logic, verification},
} 


@article{barrelfish,
 author = {Dagand, Pierre-Evariste and Baumann, Andrew and Roscoe, Timothy},
 title = {{Filet-o-Fish: practical and dependable domain-specific languages for OS development}},
 journal = {SIGOPS Oper. Syst. Rev.},
 issue_date = {January 2010},
 volume = {43},
 number = {4},
 month = jan,
 year = {2010},
 issn = {0163-5980},
 pages = {35--39},
 numpages = {5},
 doi = {10.1145/1713254.1713263},
 acmid = {1713263},
 publisher = {ACM},
 address = {New York, NY, USA},
}

@article{dsl-survey,
  title =	 {Domain-specific languages: An annotated
                  bibliography},
  author =	 {Van Deursen, A. and Klint, P. and Visser, J.},
  journal =	 {ACM Sigplan Notices},
  volume =	 {35},
  number =	 {6},
  pages =	 {26--36},
  publisher =	 {ACM},
  year =	 {2000}
}

@INPROCEEDINGS{hudak2,
  author =	 {Hudak, P.},
  booktitle =	 {Software Reuse, 1998. Proceedings. Fifth
                  International Conference on},
  title =	 {Modular domain specific languages and tools},
  year =	 {1998},
  month =	 jun,
  volume =	 {},
  number =	 {},
  pages =	 {134 -142},
  keywords =	 {Haskell;ML;domain specific embedded
                  languages;functional languages;higher-order typed
                  programming language;implementation
                  code;methodology;modular domain specific
                  languages;modular interpreters;program
                  understanding;semantics;software
                  maintenance;software reuse;software
                  tools;syntax;functional languages;program
                  interpreters;software reusability;software tools;},
  doi =		 {10.1109/ICSR.1998.685738},
  ISSN =	 {1085-9098},
}
@article{hudak1,
 author = {Hudak, Paul},
 title = {Building domain-specific embedded languages},
 journal = {ACM Comput. Surv.},
 issue_date = {Dec. 1996},
 volume = {28},
 number = {4es},
 month = dec,
 year = {1996},
 issn = {0360-0300},
 articleno = {196},
 DOUBLEurl = {http://doi.acm.org/10.1145/242224.242477},
 doi = {10.1145/242224.242477},
 acmid = {242477},
 publisher = {ACM},
 OPTaddress = {New York, NY, USA},
} 

@article{coroutines,
 author = {Conway, Melvin E.},
 title = {Design of a separable transition-diagram compiler},
 journal = {Commun. ACM},
 issue_date = {July 1963},
 volume = {6},
 number = {7},
 month = jul,
 year = {1963},
 issn = {0001-0782},
 pages = {396--408},
 numpages = {13},
 OPTurl = {http://doi.acm.org/10.1145/366663.366704},
 doi = {10.1145/366663.366704},
 acmid = {366704},
 publisher = {ACM},
 OPTaddress = {New York, NY, USA},
 notice = {coroutines}
} 

@Misc{cmt,
  OPTkey = 	 {},
  author =	 {Mario Blazevic},
  title =	 {The monad-coroutine package. Coroutine monad transformer for suspending and resuming monadic computations},
  howpublished = {Hackage},
  OPTmonth = 	 {},
  year =	 {2012},
  note =	 {\url{http://hackage.haskell.org/package/monad-coroutine}. Retrieved 23.5.2012},
  OPTannote = 	 {}
}

